
@techreport{wager2015estimation,
  title={Estimation and Inference of Heterogeneous Treatment Effects using Random Forests},
  author={Athey, Susan and Wager, Stefan},
  institution={arXiv preprint arXiv:1510.04342},
  year={2015}
}

@inproceedings{athey2015machine,
  title={Machine Learning and Causal Inference for Policy Evaluation},
  author={Athey, Susan},
  booktitle={Proceedings of the 21th ACM SIGKDD International Conference on Knowledge Discovery and Data Mining},
  pages={5--6},
  year={2015},
  organization={ACM}
}


@book{amemiya1994introduction,
    title={Introduction to Statistics and Econometrics},
    author={Amemiya, Takeshi},
    year={1994},
    publisher={Cambridge: Harvard University Press} 
}


@book{bishop2006pattern,
  title={Pattern Recognition and Machine Learning},
  author={Bishop, Christopher M},
  year={2006},
  publisher={New York: Springer}
}


@book{casella2002statistical,
  title={Statistical Inference},
  author={Casella, George and Berger, Roger L},
  edition = {2},
  year={2002},
  publisher={Pacific Grove CA: Duxbury}
}


@book{cheney2013analysis,
  title={Analysis for Applied Mathematics},
  author={Cheney, Ward},
  year={2001},
  publisher={New York: Springer}
}


@book{davidson2004econometric,
  title={Econometric Theory and Methods},
  author={Davidson, Russell and MacKinnon, James G},
  year={2004},
  publisher={Oxford: Oxford University Press}
}

@book{devroye2012combinatorial,
  title={Combinatorial Methods in Density Estimation},
  author={Devroye, Luc and Lugosi, G{\'a}bor},
  year={2001},
  publisher={New York: Springer}
}

@book{durrett2010probability,
  title={Probability: Theory and Examples},
  author={Durrett, Rick},
  year={2010},
  edition = {4},
  publisher={Cambridge, UK: Cambridge University Press}
}

@article{evans2005interview,
  title={An interview with Thomas J. Sargent},
  author={Evans, George W and Honkapohja, Seppo},
  journal={Macroeconomic Dynamics},
  volume={9},
  number={4},
  pages={561--583},
  year={2005},
  publisher={Cambridge, UK: Cambridge University Press}
}

@book{freedman2009statistical,
  title={Statistical Models: Theory and Practice},
  author={Freedman, David A},
  year={2009},
  edition = {2},
  publisher={Cambridge, UK: Cambridge University Press}
}

@article{hall1978stochastic,
  title={Stochastic implications of the life cycle-permanent income hypothesis: theory and evidence},
  author={Hall, Robert Ernest},
  journal={Journal of Political Economy},
  volume={86},
  number={6},
  pages={971--987},
  year={1978},
  publisher={University of Chicago Press}
}
        
@book{hayashi2000econometrics,
  title={Econometrics},
  author={Hayashi, Fumio},
  publisher={Princeton: Princeton University Press},
  year={2000}
}

@article{hoerl1970ridge,
  title={Ridge regression: biased estimation for non\-orthogonal problems},
  author={Hoerl, Arthur E and Kennard, Robert W},
  journal={Technometrics},
  volume={12},
  number={1},
  pages={55--67},
  year={1970}
}

@article{jones2004markov,
    title={On the {M}arkov chain central limit theorem},
  author={Jones, Galin L},
  journal={Probability Surveys},
  volume={1},
  pages={299--320},
  year={2004}
}

@book{jan,
  title={Linear Algebra},
  author={J{\"a}nich, Klaus},
  year={1994},
  publisher={New York: Springer}
}

@article{olley1996dynamics,
  title={The dynamics of productivity in the telecommunications equipment industry},
  author={Olley, G Steven and Pakes, Ariel},
  journal={Econometrica},
  volume={64},
  number={6},
  pages={1263--1297},
  year={1996}
}


@article{negri2010review,
  title={Review on goodness of fit tests for ergodic diffusion processes by different sampling schemes},
  author={Negri, Ilia and Nishiyama, Yoichi},
  journal={Economic Notes},
  volume={39},
  number={1-2},
  pages={91--106},
  year={2010},
  publisher={Wiley Online Library}
}

@article{stachurski2008computing,
  title={Computing the distributions of economic models via simulation},
  author={Stachurski, John and Martin, Vance},
  journal={Econometrica},
  volume={76},
  number={2},
  pages={443--450},
  year={2008},
  publisher={Wiley Online Library}
}

@article{sklar1959fonctions,
    title={Fonctions de r{\'e}partition {\`a} n dimensions et leurs marges},
    author={Sklar, M},
    year={1959},
    journal={Publications of the Institute of Statistics},
    pages={229-231},
    publisher={Universit{\'e} Paris 8}
}

@book{stachurski2009economic,
  title={Economic Dynamics: Theory and Computation},
  author={Stachurski, John},
  year={2009},
  publisher={Cambridge: MIT Press}
}

@book{van2000asymptotic,
  title={Asymptotic Statistics},
  author={Van der Vaart, Aad W},
  year={2000},
  publisher={Cambridge, UK: Cambridge University Press}
}

@book{vapnik2013nature,
  title={The Nature of Statistical Learning Theory},
  author={Vapnik, Vladimir N},
  edition={2},
  year={2000},
  publisher={New York: Springer}
}

@book{williams1991probability,
  title={Probability with Martingales},
  author={Williams, David},
  year={1991},
  publisher={Cambridge, UK: Cambridge University Press}
}

@book{dudley2002real,
    title={Real Analysis and Probability},
    author={Dudley, Richard M},
    edition={2},
    year={2002},
    publisher={Cambridge, UK: Cambridge University Press}
}

@book{schilling2005measures,
    title={Measures, Integrals and Martingales},
    author={Schilling, Ren{\'e} L},
    year={2005},
    publisher={Cambridge, UK: Cambridge University Press}
}


@book{cinlar,
    title={Probability and Stochastics},
    author={\c{C}inlar, Erhan},
    year={2011},
    publisher={New York: Springer}
}

@article{bonhomme2009assessing,
    title={Assessing the equalizing force of mobility using short panels: France, 1990--2000},
    author={Bonhomme, St{\'e}phane and Robin, Jean-Marc},
    journal={The Review of Economic Studies},
    volume={76},
    number={1},
    pages={63--92},
    year={2009},
    publisher={Oxford: Oxford University Press}
}

@book{erhan2013real,
    title={Real and Convex Analysis},
    author={{\c{C}}inlar, Erhan  and Vanderbei, Robert J},
    year={2013},
    publisher={New York: Springer}
}


@book{meyn2009markov,
    title={Markov Chains and Stochastic Stability},
    author={Meyn, Sean P and Tweedie, Richard L},
    year={2009},
    edition={2},
    publisher={Cambridge, UK: Cambridge University Press}
}


@incollection{manski1994analog,
    author = {Manski, Charles F},
    title = {Analog estimation of econometric models},
    booktitle = {Handbook of Econometrics},
    editor = {Engle, R. F. and D. McFadden},
    pages = {2559--2582},
    publisher = {Elsevier},
    year = {1986},
    volume = {4},
}

@inproceedings{stein1956inadmissibility,
    title={Inadmissibility of the usual estimator for the mean of a multivariate normal distribution},
    author={Stein, Charles},
    booktitle={Proceedings of the Third Berkeley Symposium on Mathematical Statistics and Probability},
    volume={1},
    number={399},
    pages={197--206},
    year={1956}
}

@book{vapnik2006estimation,
    title={Estimation of Dependences Based on Empirical Data},
    author={Vapnik, Vladimir N},
    year={2006},
    publisher={New York: Springer}
}


@book{dasguptaasymptotic,
    title={Asymptotic Theory of Statistics and Probability},
    author={DasGupta, Anirban},
    year={2008},
    publisher={New York: Springer}
}

@article{mccloskey1996standard,
    title={The standard error of regressions},
    author={McCloskey, Deirdre N and Ziliak, Stephen T},
    journal={Journal of Economic Literature},
    volume = {34},
    number = {1},
    pages={97--114},
    year={1996},
    publisher={JSTOR}
}


@article{kydland1991econometrics,
    title={The econometrics of the general equilibrium approach to business cycles},
    author={Kydland, Finn E and Prescott, Edward C},
    journal={Scandinavian Journal of Economics},
    volume = {93},
    number = {2},
    pages={161--178},
    year={1991},
    publisher={JSTOR}
}



@InCollection{kim1995econometric,
    author = {Kim, Kunhong and Pagan, Adrian R},
    title = {The econometric analysis of calibrated macroeconomic models},
    booktitle = {Handbook of Applied Econometrics in Macroeconomics},
    pages = {356--390},
    publisher = {Oxford: Blackwell},
    year = {1999},
    editor = {Pesaran, M. Hashem and Michael R. Wickens},
}
% volume=? chapter=? edition=?
% delete address or not?


@book{friedman2001elements,
    title={The Elements of Statistical Learning},
    author={Friedman, Jerome and Hastie, Trevor and Tibshirani, Robert},
    edition={2},
    year={2009},
    publisher={New York: Springer}
}

@book{ruud2000introduction,
    title={An Introduction to Classical Econometric Theory},
    author={Ruud, Paul A},
    year={2000},
    publisher={Oxford: Oxford University Press}
}


@article{mckernan2014disparities,
    title={Disparities in wealth accumulation and loss from the great recession and beyond},
    author={McKernan, Signe-Mary and Ratcliffe, Caroline and Steuerle,
    Eugene and Zhang, Sisi},
    journal={American Economic Review},
    volume={104},
    number={5},
    pages={240--244},
    year={2014},
    publisher={American Economic Association}
}


@article{auffhammer2014powering,
    title={Powering up China: income distributions and residential electricity consumption},
    author={Auffhammer, Maximilian and Wolfram, Catherine D},
    journal={American Economic Review},
    volume={104},
    number={5},
    pages={575--580},
    year={2014},
    publisher={American Economic Association}
}

@article{nelson1982trends,
    title={Trends and random walks in macroeconmic time series: some evidence and implications},
    author={Nelson, Charles R and Plosser, Charles R},
    journal={Journal of Monetary Economics},
    volume={10},
    number={82},
    pages={139--162},
    year={1982},
    publisher={Elsevier}
}

@article{cochrane1991critique,
    title={A critique of the application of unit root tests},
    author={Cochrane, John H},
    journal={Journal of Economic Dynamics and Control},
    volume={15},
    number={2},
    pages={275--284},
    year={1991},
    publisher={Elsevier}
}

@article{dickey1979distribution,
    title={Distribution of the estimators for autoregressive time series with a unit root},
    author={Dickey, David A and Fuller, Wayne A},
    journal={Journal of the American Statistical Association},
    volume={74},
    number={366a},
    pages={427--431},
    year={1979},
    publisher={Taylor and Francis}
}

@article{mitchell1993testing,
    title={Testing for unit roots and persistence in {OECD} unemployment rates},
    author={Mitchell, William F},
    journal={Applied Economics},
    volume={25},
    number={12},
    pages={1489--1501},
    year={1993},
    publisher={Taylor and Francis}
}


@article{cheng2012hysteresis,
    title={Hysteresis vs. natural rate of {US} unemployment},
    author={Cheng, Ka Ming and Durmaz, Nazif and Kim, Hyeongwoo and Stern,
    Michael L},
    journal={Economic Modelling},
    volume={29},
    number={2},
    pages={428--434},
    year={2012},
    publisher={Elsevier}
}


@book{lasota1994chaos,
    title={Chaos, Fractals, and Noise: Stochastic Aspects of Dynamics},
    author={Lasota, Andrzej and Mackey, Michael C},
    volume={97},
    year={1994},
    publisher={New York: Springer}
}

@book{cameron2005microeconometrics,
    title={Microeconometrics: Methods and Applications},
    author={Cameron, A Colin and Trivedi, Pravin K},
    year={2005},
    publisher={Cambridge, UK: Cambridge University Press}
}

@book{angrist2008mostly,
    title={Mostly Harmless Econometrics: An Empiricist's Companion},
    author={Angrist, Joshua D and Pischke, J{\"o}rn-Steffen},
    year={2009},
    publisher={Princeton: Princeton University Press}
}

@book{hamilton1994time,
    title={Time Series Analysis},
    author={Hamilton, James Douglas},
    year={1994},
    publisher={Princeton: Princeton University Press}
}


@book{li2007nonparametric,
    title={Nonparametric Econometrics: Theory and Practice},
    author={Li, Qi and Racine, Jeffrey Scott},
    year={2006},
    publisher={Princeton: Princeton University Press}
}

@book{kroese2014statistical,
    title={Statistical Modeling and Computation},
    author={Kroese, Dirk P and Chan, Joshua CC},
    year={2014},
    publisher={New York: Springer}
}


@book{gutic,
    title={An Intermediate Course in Probability},
    author={Gut, Allan},
    year={2009},
    edition={2},
    publisher={New York: Springer}
}


@book{scott2015multivariate,
    title={Multivariate Density Estimation: Theory, Practice, and
    Visualization},
    author={Scott, David W},
    year={2015},
    edition={2},
    publisher={Hoboken, NJ: Wiley}
}



@article{wald1939contributions,
    title={Contributions to the theory of statistical estimation and testing hypotheses},
    author={Wald, Abraham},
    journal={The Annals of Mathematical Statistics},
    volume={10},
    number={1},
    pages={299--326},
    year={1939}
}



@book{young2005essentials,
    title={Essentials of Statistical Inference},
    author={Young, G Alastair and Smith, Richard L},
    year={2005},
    publisher={Cambridge, UK: Cambridge University Press}
}
              

@book{hansen2008robustness,
    title={Robustness},
    author={Hansen, Lars Peter and Sargent, Thomas J},
    year={2008},
    publisher={Princeton: Princeton University Press}
}
% publisher is as the original file, the location has not been modified

@techreport{diego,
    author = {Drenik, Andres and Perez, Diego J},
    title = {Price setting under uncertainty about inflation},
    institution = {New York University},
    year = {2015}
}



@techreport{peysakhovich2015machine,
    title={Machine learning and behavioral economics: evaluating models of choice under risk and ambiguity},
    author={Peysakhovich, Alexander and Naecker, Jeffrey},
    note={SSRN 2548564},
    year={2015}
}

@book{abu2012learning,
    title={Learning from Data},
    author={Abu-Mostafa, Yaser S and Magdon-Ismail, Malik and Lin,
    Hsuan-Tien},
    year={2012},
    publisher={AMLBook.com}
}


@book{wasserman2013all,
    title={All of Statistics: A Concise Course in Statistical Inference},
    author={Wasserman, Larry},
    year={2013},
    publisher={New York: Springer}
}

@article{tierney1994markov,
    title={{M}arkov chains for exploring posterior distributions},
    author={Tierney, Luke},
    journal={The Annals of Statistics},
    volume={22},
    pages={1701--1728},
    year={1994},
    number={4}
}


@article{roberts2004general,
    title={General state space {M}arkov chains and {MCMC} algorithms},
    author={Roberts, Gareth O and Rosenthal, Jeffrey S and others},
    journal={Probability Surveys},
    volume={1},
    pages={20--71},
    year={2004}
}


@article{diaconis2009markov,
    title={The {M}arkov chain {M}onte {C}arlo revolution},
    author={Diaconis, Persi},
    journal={Bulletin of the American Mathematical Society},
    volume={46},
    number={2},
    pages={179--205},
    year={2009}
}

@article{richey2010evolution,
    title={The evolution of {M}arkov chain {M}onte {C}arlo methods},
    author={Richey, Matthew},
    journal={American Mathematical Monthly},
    volume={117},
    number={5},
    pages={383--413},
    year={2010}
}


@article{varian2014big,
    title={Big data: New tricks for econometrics},
    author={Varian, Hal R},
    journal={The Journal of Economic Perspectives},
    pages={3--27},
    volume={28},
    year={2014},
    publisher={JSTOR}
}
% cannot find "number", issue={2}
% "pages" should be pages={3--28}
% refer to:
% https://www.aeaweb.org/articles.php?doi=10.1257/jep.28.2.3


@article{kim2014forecasting,
    title={Forecasting financial and macroeconomic variables using data
    reduction methods: New empirical evidence},
    author={Kim, Hyun Hak and Swanson, Norman R},
    journal={Journal of Econometrics},
    volume={178},
    pages={352--367},
    year={2014},
    publisher={Elsevier}
}
% there is no "number", but there is "part", which is "2"
% refer to: 
% http://www.sciencedirect.com/science/article/pii/S0304407613001978


@article{sala1997just,
    title={I just ran two million regressions},
    author={Sala-i-Martin, Xavier X},
    journal={American Economic Review},
    pages={178--183},
    volume={87},
    year={1997},
    number={2}
}

@article{teoh2011effectiveness,
    title={Effectiveness of antilock braking systems in reducing motorcycle
    fatal crash rates},
    author={Teoh, Eric R},
    journal={Traffic Injury Prevention},
    volume={12},
    number={2},
    pages={169--173},
    year={2011},
    publisher={Taylor and Francis}
}

@incollection{geweke1996monte,
    title={{M}onte {C}arlo simulation and numerical integration},
    author={Geweke, John},
    booktitle={Handbook of Computational Economics},
    editor={Griliches, Z and Engle, R F and  Intriligator, M D},
    volume={1},
    pages={731--800},
    year={1996},
    publisher={Elsevier}
}
% cannot find "number"


@book{geweke2005contemporary,
    title={Contemporary Bayesian Econometrics and Statistics},
    author={Geweke, John},
    year={2005},
    publisher={Hoboken, NJ: Wiley}
}


@book{geweke2011oxford,
    title={The Oxford Handbook of Bayesian Econometrics},
    author={Geweke, John and Koop, Gary and Van Dijk, Herman},
    year={2011},
    publisher={Oxford: Oxford University Press}
}

@book{brooks2011handbook,
    title={Handbook of {M}arkov Chain {M}onte {C}arlo},
    author={Brooks, Steve and Gelman, Andrew and Jones, Galin and Meng, Xiao-Li},
    year={2011},
    publisher={Boca Raton: CRC Press}
}

@incollection{aschenbrenner1994improved,
    title={Improved safety through improved technical measures?},
    author={Aschenbrenner, KM and Biehl, B},
    booktitle={Challenges to Accident Prevention. The Issue of Risk Compensation Behaviour},
    editor={Trimpop, R M and Wilde, G J S},
    pages={81--89},
    year={1994}
}
% cannot find "volume", "number"

@book{kennedy2008guide,
    title={A Guide to Econometrics},
    author={Kennedy, Peter},
    edition={6},
    year={2008},
    publisher={Hoboken, NJ: Wiley Blackwell}
}


@book{pearl2009causality,
    title={Causality},
    author={Pearl, Judea},
    year={2009},
    edition={2},
    publisher={Cambridge, UK: Cambridge University Press}
}


    
@book{wooldridge2010econometric,
    title={Econometric Analysis of Cross Section and Panel Data},
    author={Wooldridge, Jeffrey M},
    year={2010},
    edition={2},
    publisher={Cambridge: MIT Press}
}

@book{greeneh,
    title={Econometric Analysis},
    author={Greene, William},
    year={2011},
    edition={7},
    publisher={New York: Prentice Hall}
}

@incollection{nerlove1990time,
  title={Time series analysis},
  author={Diebold, Francis X and Kilian, Lutz and Nerlove, Marc},
  booktitle={The New Palgrave Dictionary of Economics},
  editor={Blume, Lawrence E. and Steven N. Durlauf},
  publisher={Palgrave Macmillan},
  address={New York},
  year={2009}
}


@book{martin2012econometric,
    title={Econometric Modelling with Time Series: Specification, Estimation and Testing},
    author={Martin, Vance and Hurn, Stan and Harris, David},
    year={2012},
    publisher={Cambridge, UK: Cambridge University Press}
}

@book{ruppert2011statistics,
    title={Statistics and Data Analysis for Financial Engineering},
    author={Ruppert, David},
    year={2011},
    publisher={Springer}
}

@book{hansen2010econometrics,
  title={Econometrics},
  author={Hansen, Bruce E},
  publisher={Textbook in preparation},
  url={http://www.ssc.wisc edu/~bhansen/econometrics},
  year={2015}
}
% How to deal with this "publisher"?



@article{belloni2014high,
    title={High-dimensional methods and inference on structural and
    treatment effects},
    author={Belloni, Alexandre and Chernozhukov, Victor and Hansen, Christian},
    journal={Journal of Economic Perspectives},
    pages={29--50},
    volume={28},
    year={2014},
    publisher={JSTOR}
}
% there is no "number", issue={2}
% refer to:
% https://www.aeaweb.org/articles.php?doi=10.1257/jep.28.2.29



@article{benhabib2015wealth,
    title={The wealth distribution in {B}ewley economies with capital income risk},
    author={Benhabib, Jess and Bisin, Alberto and Zhu, Shenghao},
    journal={Journal of Economic Theory},
    volume={159},
    pages={489--515},
    year={2015},
    publisher={Elsevier}
}
% cannot find "number"



@article{hansen2014nobel,
    title={Nobel lecture: Uncertainty outside and inside economic models},
    author={Hansen, Lars Peter},
    journal={Journal of Political Economy},
    volume={122},
    number={5},
    pages={945--987},
    year={2014}
}


@article{hansen1982generalized,
    title={Generalized instrumental variables estimation of nonlinear rational expectations models},
    author={Hansen, Lars Peter and Singleton, Kenneth J},
    journal={Econometrica},
    pages={1269--1286},
    number={5},
    year={1982},
    volume={50},   
    publisher={JSTOR}
}

@book{pollard2002user,
    title={A User's Guide to Measure Theoretic Probability},
    author={Pollard, David},
    volume={8},
    year={2002},
    publisher={Cambridge, UK: Cambridge University Press}
}
% The original file says the publisher is in New York




@book{pagan1999nonparametric,
    title={Nonparametric Econometrics},
    author={Pagan, Adrian and Ullah, Aman},
    year={1999},
    publisher={Cambridge, UK: Cambridge University Press}
}


@article{tibshirani1996regression,
    title={Regression shrinkage and selection via the lasso},
    author={Tibshirani, Robert},
    journal={Journal of the Royal Statistical Society. Series B
    (Methodological)},
    pages={267--288},
    volume={58},
    year={1996},
    publisher={JSTOR}
}
% cannot find "number", issue={1}
% refer to:
% http://statweb.stanford.edu/~tibs/lasso/lasso.pdf



@article{efron2004least,
    title={Least angle regression},
    author={Efron, Bradley and Hastie, Trevor and Johnstone, Iain and Tibshirani, Robert},
    journal={Annals of Statistics},
    volume={32},
    number={2},
    pages={407--451},
    year={2004},
    publisher={Institute of Mathematical Statistics}
}

@article{hesterberg2008least,
    title={Least angle and $\ell_1$ penalized regression: A review},
    author={Hesterberg, Tim and Choi, Nam Hee and Meier, Lukas and Fraley, Chris},
    journal={Statistics Surveys},
    volume={2},
    pages={61--93},
    year={2008}
}
% cannot find "number"



@book{bosq2012nonparametric,
    title={Nonparametric Statistics for Stochastic Processes: Estimation and Prediction},
    author={Bosq, Denis},
    volume={110},
    year={1996},
    publisher={New York: Springer}
}

@article{chernozhukov2013inference,
    title={Inference on counterfactual distributions},
    author={Chernozhukov, Victor and Fern{\'a}ndez-Val, Iv{\'a}n and
    Melly, Blaise},
    journal={Econometrica},
    volume={81},
    number={6},
    pages={2205--2268},
    year={2013},
    publisher={Wiley Online Library}
}

@article{dufour2010short,
    title={Short and long run causality measures: Theory and inference},
    author={Dufour, Jean-Marie and Taamouti, Abderrahim},
    journal={Journal of Econometrics},
    volume={154},
    number={1},
    pages={42--58},
    year={2010},
    publisher={Elsevier}
}

@article{kendall1990andrei,
    title={Andrei {N}ikolaevich {K}olmogorov (1903--1987)},
    author={Kendall, DG and Batchelor, GK and Bingham, NH and Hayman, WK and Hyland, JME and Lorentz, GG and Moffatt, HK and Parry, W and Razborov, AA and Robinson, CA}, 
    journal={Bulletin of the London Mathematical Society},
    volume={22},
    number={1},
    pages={31--100},
    year={1990},
    publisher={Oxford: Oxford University Press}
}

@book{rosenthal2006first,
    title={A first Look at Rigorous Probability Theory},
    author={Rosenthal, Jeffrey Seth},
    year={2006},
    edition={2},
    publisher={New Jersey: World Scientific}
}

@article{koenker2001quantile,
    title={Quantile regression: an introduction},
    author={Koenker, Roger and Hallock, Kevin},
    journal={Journal of Economic Perspectives},
    volume={15},
    number={4},
    pages={43--56},
    year={2001}
}

@article{chernozhukov2011inference,
    title={Inference for extremal conditional quantile models, with an
    application to market and birthweight risks},
    author={Chernozhukov, Victor and Fern{\'a}ndez-Val, Iv{\'a}n},
    journal={Review of Economic Studies},
    pages={559--589},
    year={2011},
    volume={78},
    number={2},
    publisher={Oxford: Oxford University Press}
}

@article{lucas1978asset,
  title={Asset prices in an exchange economy},
  author={Lucas, Robert E},
  journal={Econometrica},
  volume={46},
  pages={1429--1445},
  year={1978},
  number={6}
}


@book{izenman2008modern,
  title={Modern Multivariate Statistical Techniques: Regression, Classification, and Manifold Learning},
  author={Izenman, Alan J},
  volume={1},
  year={2008},
  publisher={New York: Springer}
}

@book{joe1997multivariate,
  title={Multivariate Models and Multivariate Dependence Concepts},
  author={Joe, Harry},
  year={1997},
  volume={73},
  publisher={Boca Raton: CRC Press}
}


@article{lunde2015econometric,
  title={Econometric analysis of vast covariance matrices using composite realized kernels and their application to portfolio choice},
  author={Lunde, Asger and Shephard, Neil and Sheppard, Kevin},
  journal={Journal of Business and Economic Statistics},
  year={\autocap{f}orthcoming},
  publisher={Taylor and Francis}
}
% cannot find "volume", just accepted
% refer to:
% http://amstat.tandfonline.com/doi/abs/10.1080/07350015.2015.1064432



@article{ando2015selecting,
  title={Selecting the regularization parameters in high-dimensional panel data models: consistency and efficiency}, 
  author={Ando, Tomohiro and Bai, Jushan},
  journal={Econometric Reviews},
  year={\autocap{f}orthcoming},
  publisher={Taylor and Francis}
}
% cannot find "volume", just accepted
% refer to:
% http://www.tandfonline.com/doi/abs/10.1080/07474938.2015.1092822?journalCode=lecr20



@article{li2014estimating,
  title={Estimating the volatility occupation time via regularized {L}aplace inversion},
  author={Li, Jia and Todorov, Viktor and Tauchen, George},
  journal={Econometric Theory},
  pages={1--36},
  year={2015},
  publisher={Cambridge, UK: Cambridge University Press}
}
% cannot find "number", volume={FirstView}
% refer to
% http://journals.cambridge.org/action/displayAbstract?fromPage=online&aid=9718549&fileId=S0266466615000171



@techreport{chernozhukov2015post,
  title={Post-selection and post-regular\-ization inference: linear models with very many controls and instruments},
  author={Chernozhukov, Victor and Hansen, Christian Bailey and Spindler, Martin},
  year={2015},
  institution={MIT Department of Economics},
  note = {No. 15-02}
}



@article{hautsch2012blocking,
  title={A blocking and regularization approach to high-dimensional realized covariance estimation},
  author={Hautsch, Nikolaus and Kyj, Lada M and Oomen, Roel CA},
  journal={Journal of Applied Econometrics},
  volume={27},
  number={4},
  pages={625--645},
  year={2012},
  publisher={Wiley Online Library}
}


@article{darolles2011nonparametric,
  title={Nonparametric instrumental regression},
  author={Darolles, Serge and Fan, Yanqin and Florens, Jean-Pierre and Renault, Eric},
  journal={Econometrica},
  volume={79},
  number={5},
  pages={1541--1565},
  year={2011},
  publisher={Wiley Online Library}
}


@article{florens2013regularizing,
  title={Regularizing priors for linear inverse problems},
  author={Florens, Jean-Pierre and Simoni, Anna},
  journal={Econometric Theory},
  pages={1--51},
  year={2014},
  volume={FirstView},
  publisher={Cambridge, UK: Cambridge University Press}
}
% cannot find "number"


@article{chen2011rate,
  title={On rate optimality for ill-posed inverse problems in econometrics},
  author={Chen, Xiaohong and Reiss, Markus},
  journal={Econometric Theory},
  volume={27},
  number={3},
  pages={497--521},
  year={2011},
  publisher={Cambridge, UK: Cambridge University Press}
}


@inproceedings{florens2003inverse,
  title={Inverse problems and structural econometrics},
  author={Florens, Jean-Pierre},
  booktitle={Advances in Economics and Econometrics: Theory and Applications, Eighth World Congress},
  volume={2},
  pages={46--85},
  year={2003},
  organization={Cambridge, UK: Cambridge University Press}
}
% How to deal with this format?



@article{horowitz2014adaptive,
  title={Adaptive nonparametric instrumental variables estimation: Empirical choice of the regularization parameter},
  author={Horowitz, Joel L},
  journal={Journal of Econometrics},
  volume={180},
  number={2},
  pages={158--173},
  year={2014},
  publisher={Elsevier}
}


@incollection{carrasco2007linear,
  title={Linear inverse problems in structural econometrics estimation based on spectral decomposition and regularization},
  author={Carrasco, Marine and Florens, Jean-Pierre and Renault, Eric},
  booktitle={Handbook of Econometrics},
  editor={Heckman, J J and Leamer, E E},
  volume={6},
  pages={5633--5751},
  year={2007},
  publisher={Elsevier}
}
% cannot find "number"



@article{hickman2014replacing,
  title={Replacing sample trimming with boundary correction in nonparametric estimation of first-price auctions},
  author={Hickman, Brent R and Hubbard, Timothy P},
  journal={Journal of Applied Econometrics},
  year={2015},
  pages={739--762},
  volume={30},
  publisher={Wiley Online Library}
}

@article{jeong2012consistent,
  title={A consistent nonparametric test for causality in quantile},
  author={Jeong, Kiho and H{\"a}rdle, Wolfgang K and Song, Song},
  journal={Econometric Theory},
  volume={28},
  number={04},
  pages={861--887},
  year={2012},
  publisher={Cambridge, UK: Cambridge University Press}
}



@article{su2013nonparametric,
  title={A nonparametric goodness-of-fit-based test for conditional heteroskedasticity},
  author={Su, Liangjun and Ullah, Aman},
  journal={Econometric Theory},
  volume={29},
  number={01},
  pages={187--212},
  year={2013},
  publisher={Cambridge, UK: Cambridge University Press}
}


@article{xu2013nonparametric,
  title={Nonparametric inference for conditional quantiles of time series},
  author={Xu, Ke-Li},
  journal={Econometric Theory},
  volume={29},
  number={04},
  pages={673--698},
  year={2013},
  publisher={Cambridge, UK: Cambridge University Press}
}


@article{du2015nonparametric,
  title={A nonparametric distribution-free test for serial independence of errors},
  author={Du, Zaichao and Escanciano, Juan Carlos},
  journal={Econometric Reviews},
  volume={34},
  number={6-10},
  pages={1011--1034},
  year={2015},
  publisher={Taylor and Francis}
}


@article{canay2013testability,
  title={On the testability of identification in some nonparametric models with endogeneity},
  author={Canay, Ivan A and Santos, Andres and Shaikh, Azeem M},
  journal={Econometrica},
  volume={81},
  number={6},
  pages={2535--2559},
  year={2013},
  publisher={Wiley Online Library}
}


@article{chen2012testing,
  title={Testing for smooth structural changes in time series models via nonparametric regression},
  author={Chen, Bin and Hong, Yongmiao},
  journal={Econometrica},
  volume={80},
  number={3},
  pages={1157--1183},
  year={2012},
  publisher={Wiley Online Library}
}


@article{kanaya2015estimation,
  title={Estimation of stochastic volatility models by nonparametric filtering},
  author={Kanaya, Shin and Kristensen, Dennis},
  journal={Econometric Theory},
  pages={1--56},
  year={2015},
  publisher={Cambridge, UK: Cambridge University Press},
  volume={FirstView}
}
% cannot find number, volume={FirstView}
% refer to:
% http://journals.cambridge.org/action/displayAbstract?fromPage=online&aid=9644994



@incollection{hansen2014nonparametric,
  title={Nonparametric sieve regression: Least squares, averaging least squares, and cross-validation},
  author={Hansen, Bruce E},
  booktitle={The Oxford Handbook of Applied Nonparametric and Semiparametric Econometrics and Statistics},
  editor={Racine, Jeffrey and Su, Liangjun and Ullah, Aman },
  publisher={Oxford: Oxford University Press},
  year={2014}
}
% cannot find "pages, volume, number"



@article{henderson2012empirical,
  title={Empirical implementation of nonparametric first-price auction models},
  author={Henderson, Daniel J and List, John A and Millimet, Daniel L and Parmeter, Christopher F and Price, Michael K},
  journal={Journal of Econometrics},
  volume={168},
  number={1},
  pages={17--28},
  year={2012},
  publisher={Elsevier}
}


@article{mastromarco2014effect,
    title={Effect of {FDI} and time on catching up: new insights from a conditional nonparametric frontier analysis},
  author={Mastromarco, Camilla and Simar, L{\'e}opold},
  journal={Journal of Applied Econometrics},
  volume={30},
  pages={826-847},
  year={2015},
  publisher={Wiley Online Library}
}
% cannot find "number", issue={5}
% refer to:
% http://onlinelibrary.wiley.com/doi/10.1002/jae.2382/abstract



@book{ullah2012semiparametric,
  title={Semiparametric and Nonparametric Econometrics},
  author={Ullah, Aman},
  year={1989},
  publisher={Heidelberg: Physica}
}


@article{christensen2013nonparametric,
    author = {Christensen,Timothy M.},
    title = {Nonparametric identification of positive eigenfunctions},
    journal = {Econometric Theory},
    volume={31},
    number = {06},
    year = {2014},
    pages = {1310--1330}
}

@book{henderson2015applied,
  title={Applied Nonparametric Econometrics},
  author={Henderson, Daniel J and Parmeter, Christopher F},
  year={2015},
  publisher={Cambridge, UK: Cambridge University Press}
}

@article{granger1969investigating,
  title={Investigating causal relations by econometric models and cross-spectral methods},
  author={Granger, Clive WJ},
  journal={Econometrica},
  pages={424--438},
  volume={37},
  number={3},
  year={1969},
  publisher={JSTOR}
}



@book{imbens2015causal,
    title={Causal Inference in Statistics, Social, and Biomedical Sciences: An Introduction},
    author={Imbens, Guido W and Rubin, Donald B},
    year={2015},
    publisher={Cambridge, UK: Cambridge University Press}
}


@inproceedings{bajari2013econometrics,
    title={Econometrics for game theory},
    author={Bajari, P and Hong, H and Nekipelov, D},
    booktitle={Advances in Economics and Econometrics: Theory and Applications, 10th World Congress},
    pages={3--52},
    volume={3},
    year={2013}
}
% How to deal with this format?


@article{chen2011nonlinear,
    title={Nonlinear models of measurement errors},
    author={Chen, Xiaohong and Hong, Han and Nekipelov, Denis},
    journal={Journal of Economic Literature},
    volume={49},
    number={4},
    pages={901--937},
    year={2011},
    publisher={American Economic Association}
}

@book{taylor2012introduction,
    title={An Introduction to Measure and Probability},
    author={Taylor, John C},
    year={1997},
    publisher={New York: Springer}
}


@article{white1980heteroskedasticity,
    title={A heteroskedasticity-consistent covariance matrix estimator and a
    direct test for heteroskedasticity},
    author={White, Halbert},
    journal={Econometrica},
    volume={48},
    number={4},
    pages={817--838},
    year={1980}
}


@article{sun2011robust,
    title={Robust trend inference with series variance estimator and
    testing-optimal smoothing parameter},
    author={Sun, Yixiao},
    journal={Journal of Econometrics},
    volume={164},
    number={2},
    pages={345--366},
    year={2011},
    publisher={Elsevier}
}


@article{hong1995consistent,
    title={Consistent specification testing via nonparametric series
    regression},
    author={Hong, Yongmiao and White, Halbert},
    journal={Econometrica},
    volume={63},
    number={5},
    pages={1133--1159},
    year={1995}
}


@article{chen2015optimal,
    title={Optimal uniform convergence rates and asymptotic normality for
    series estimators under weak dependence and weak conditions},
    author={Chen, Xiaohong and Christensen, Timothy M},
    journal={Journal of Econometrics},
    volume={188},
    pages={447--465},
    year={2015},
    publisher={Elsevier}
}
% cannot find "number", issue={2}
% refer to:
% http://www.sciencedirect.com/science/article/pii/S0304407615000792


@article{geman1982nonparametric,
    title={Nonparametric maximum likelihood estimation by the method of
    sieves},
    author={Geman, Stuart and Hwang, Chii-Ruey},
    journal={Annals of Statistics},
    volume={10},
    number={2},
    pages={401--414},
    year={1982}
}



@book{hill2008principles,
    title={Principles of Econometrics},
    author={Hill, R Carter and Griffiths, William E and Lim, Guay C},
    volume={5},
    year={2008},
    publisher={Hoboken, NJ: Wiley}
}

@article{heckman1992haavelmo,
    title={Haavelmo and the birth of modern econometrics: A review of the
        history of econometric ideas by {M}ary {M}organ},
    author={Heckman, James J},
    journal={Journal of Economic Literature},
    volume={30}, 
    number={2},
    pages={876--886},
    year={1992}
}

@techreport{geweke2006econometrics,
    title={Econometrics: a bird's eye view},
    author={Geweke, John and Horowitz, Joel L and Pesaran, M},
    year={2006},
    institution={CESifo Group Munich},
    note={CESifo Working Paper Series}
}
% institution=? authors are from different institutions.
% note=?




@book{silver2012signal,
    title={The Signal and the Noise: Why So Many Predictions Fail--But Some Don't},
    author={Silver, Nate},
    year={2012},
    publisher={London: Penguin Press}
}


@book{marcus1988introduction,
    title={Introduction to Linear Algebra},
    author={Marcus, Marvin and Minc, Henryk},
    year={1988},
    publisher={Mineola, NY: Dover Publications}
}

@book{van2010gravity,
    title={The Gravity Model in International Trade: Advances and
    Applications},
    author={van Bergeijk, Peter AG and Brakman, Steven},
    year={2010},
    publisher={Cambridge, UK: Cambridge University Press}
}

@article{bru2002comments,
    title={Comments on the life and mathematical legacy of {W}olfgang {D}oeblin},
    author={Bru, Bernard and Yor, Marc},
    journal={Finance and Stochastics},
    volume={6},
    number={1},
    pages={3--47},
    year={2002},
    publisher={Springer}
}

@article{hoderlein2011demand,
    title={Demand analysis as an ill-posed inverse problem with semiparametric specification},
    author={Hoderlein, Stefan and Holzmann, Hajo},
    journal={Econometric Theory},
    volume={27},
    number={03},
    pages={609--638},
    year={2011},
    publisher={Cambridge, UK: Cambridge University Press}
}

@article{matzkin2010estimation,
  title={Estimation of nonparametric models with simultaneity},
  author={Matzkin, Rosa L},
  journal={Econometrica},
    volume={83},
    number={1},
    pages={1--66},
    year={2015},
}
% cannot find "number",  issue={1}
% refer to:
% http://onlinelibrary.wiley.com/doi/10.3982/ECTA9348/abstract


@article{bhattacharya2015nonparametric,
    title={Nonparametric welfare analysis for discrete choice},
    author={Bhattacharya, Debopam},
    journal={Econometrica},
    volume={83},
    number={2},
    pages={617--649},
    year={2015},
    publisher={Wiley Online Library}
}


@article{newey2013nonparametric,
    title={Nonparametric instrumental variables estimation},
    author={Newey, Whitney K},
    journal={American Economic Review},
    volume={103},
    number={3},
    pages={550--556},
    year={2013},
    publisher={American Economic Association}
}

@article{newey1987simple,
    title={A simple, positive semi-definite, heteroskedasticity and autocorrelation consistent covariance matrix},
    author={Newey, Whitney K and West, Kenneth D},
    journal={Econometrica},
    volume={55},
    number={3},
    pages={703--708},
    year={1987}
}

@techreport{shapiro2015measuring,
    title={Measuring polarization in high-dimen\-sional data: method and application to congressional speech},
    author={Gentzkow, Matthew and Shapiro, Jesse M and Taddy, Matt},
    institution={National Bureau of Economic Research},
    year={2015}
}
% institution=? authors are from different institutions.
% note=?



@article{einav2013data,
    title={The data revolution and economic analysis},
    author={Einav, Liran and Levin, Jonathan D},
    year={2014},
    journal={Innovation Policy and the Economy},
    volume={14},
    pages={1--24}   
}
% cannot find "number"


@book{axler2015linear,
  title={Linear Algebra Done Right},
  author={Axler, Sheldon},
  year={2015},
  publisher={New York: Springer}
}
